@article{1985,
  title={A probabilistic distance measure for hidden Markov models},
  author={Juang, B-H and Rabiner, Lawrence R},
  journal={AT\&T technical journal},
  volume={64},
  number={2},
  pages={391--408},
  year={1985},
  publisher={Alcatel-Lucent}
}

@article{1995calculation,
  title={CALCULATION OF DISTANCE MEASURES BETWEEN HIDDEN MARKOV MODELS},
  author={Falkhausen, Markus and Reininger, Herbert and Wolf, Dietrich}
}

@inproceedings{1999metrics,
  title={Metrics and similarity measures for hidden Markov models},
  author={Lyngso, Rune B and Pedersen, CN and Nielsen, Henrik},
  booktitle={Proc Int Conf Intell Syst Mol Biol},
  pages={178--186},
  year={1999}
}

@article{2001measuring,
  title={Measuring HMM Similarity with the Bayes Probability of Error and its Application to Online Handwriting Recognition},
  author={Bahlmann, Claus and Burkhardt, Hans}
}

@article{2005probabilistic,
  title={Probabilistic distances between finite-state finite-alphabet hidden Markov models},
  author={Xie, Li and Ugrinovskii, Valery A and Petersen, Ian R},
  journal={IEEE transactions on automatic control},
  volume={50},
  number={4},
  pages={505--511},
  year={2005},
  publisher={IEEE}
}

